
@article{goeuriot2016medical,
  title={Medical information retrieval: introduction to the special issue},
  author={Goeuriot, Lorraine and Jones, Gareth JF and Kelly, Liadh and M{\"u}ller, Henning and Zobel, Justin},
  journal={Information Retrieval Journal},
  volume={19},
  number={1-2},
  pages={1--5},
  year={2016},
  publisher={Springer}
}


@article{schedl2014music,
  title={Music information retrieval: Recent developments and applications},
  author={Schedl, Markus and G{\'o}mez, Emilia and Urbano, Juli{\'a}n and others},
  journal={Foundations and Trends{\textregistered} in Information Retrieval},
  volume={8},
  number={2-3},
  pages={127--261},
  year={2014},
  publisher={Now Publishers, Inc.}
}

@article{yu2015learning,
  title={Learning to rank using user clicks and visual features for image retrieval},
  author={Yu, Jun and Tao, Dacheng and Wang, Meng and Rui, Yong},
  journal={IEEE transactions on cybernetics},
  volume={45},
  number={4},
  pages={767--779},
  year={2015},
  publisher={IEEE}
}

@article{mourao2015multimodal,
  title={Multimodal medical information retrieval with unsupervised rank fusion},
  author={Mour{\~a}o, Andr{\'e} and Martins, Fl{\'a}vio and Magalh{\~a}es, Jo{\~a}o},
  journal={Computerized Medical Imaging and Graphics},
  volume={39},
  pages={35--45},
  year={2015},
  publisher={Elsevier}
}

@article{datta2008image,
  title={Image retrieval: Ideas, influences, and trends of the new age},
  author={Datta, Ritendra and Joshi, Dhiraj and Li, Jia and Wang, James Z},
  journal={ACM Computing Surveys (Csur)},
  volume={40},
  number={2},
  pages={5},
  year={2008},
  publisher={ACM}
}

@article{santos2013noa,
  title={Noa: An information retrieval based malware detection system},
  author={Santos, Igor and Ugarte-Pedrero, Xabier and Brezo, Felix and Bringas, Pablo Garcia and G{\'o}mez-Hidalgo, Jos{\'e} Mar{\'\i}a},
  journal={Computing and Informatics},
  volume={32},
  number={1},
  pages={145--174},
  year={2013}
}

@inproceedings{lashkari2009boolean,
  title={A boolean model in information retrieval for search engines},
  author={Lashkari, Arash Habibi and Mahdavi, Fereshteh and Ghomi, Vahid},
  booktitle={Information Management and Engineering, 2009. ICIME'09. International Conference on},
  pages={385--389},
  year={2009},
  organization={IEEE}
}

@article{salton1975vector,
  title={A vector space model for automatic indexing},
  author={Salton, Gerard and Wong, Anita and Yang, Chung-Shu},
  journal={Communications of the ACM},
  volume={18},
  number={11},
  pages={613--620},
  year={1975},
  publisher={ACM}
}

@inproceedings{wen2016discriminative,
  title={A discriminative feature learning approach for deep face recognition},
  author={Wen, Yandong and Zhang, Kaipeng and Li, Zhifeng and Qiao, Yu},
  booktitle={European Conference on Computer Vision},
  pages={499--515},
  year={2016},
  organization={Springer}
}
