@article{goeuriot2016medical,
  title={Medical information retrieval: introduction to the special issue},
  author={Goeuriot, Lorraine and Jones, Gareth JF and Kelly, Liadh and M{\"u}ller, Henning and Zobel, Justin},
  journal={Information Retrieval Journal},
  volume={19},
  number={1-2},
  pages={1--5},
  year={2016},
  publisher={Springer}
}


@article{schedl2014music,
  title={Music information retrieval: Recent developments and applications},
  author={Schedl, Markus and G{\'o}mez, Emilia and Urbano, Juli{\'a}n and others},
  journal={Foundations and Trends{\textregistered} in Information Retrieval},
  volume={8},
  number={2-3},
  pages={127--261},
  year={2014},
  publisher={Now Publishers, Inc.}
}

@article{yu2015learning,
  title={Learning to rank using user clicks and visual features for image retrieval},
  author={Yu, Jun and Tao, Dacheng and Wang, Meng and Rui, Yong},
  journal={IEEE Transactions on Cybernetics},
  volume={45},
  number={4},
  pages={767--779},
  year={2015},
  publisher={IEEE}
}

@article{mourao2015multimodal,
  title={Multimodal medical information retrieval with unsupervised rank fusion},
  author={Mour{\~a}o, Andr{\'e} and Martins, Fl{\'a}vio and Magalh{\~a}es, Jo{\~a}o},
  journal={Computerized Medical Imaging and Graphics},
  volume={39},
  pages={35--45},
  year={2015},
  publisher={Elsevier}
}

@article{datta2008image,
  title={Image retrieval: Ideas, influences, and trends of the new age},
  author={Datta, Ritendra and Joshi, Dhiraj and Li, Jia and Wang, James Z},
  journal={ACM Computing Surveys (Csur)},
  volume={40},
  number={2},
  pages={5},
  year={2008},
  publisher={ACM}
}

@article{santos2013noa,
  title={Noa: An information retrieval based malware detection system},
  author={Santos, Igor and Ugarte-Pedrero, Xabier and Brezo, Felix and Bringas, Pablo Garcia and G{\'o}mez-Hidalgo, Jos{\'e} Mar{\'\i}a},
  journal={Computing and Informatics},
  volume={32},
  number={1},
  pages={145--174},
  year={2013}
}

@inproceedings{lashkari2009boolean,
  title={A boolean model in information retrieval for search engines},
  author={Lashkari, Arash Habibi and Mahdavi, Fereshteh and Ghomi, Vahid},
  booktitle={Information Management and Engineering, 2009. ICIME'09. International Conference on},
  pages={385--389},
  year={2009},
  organization={IEEE}
}

@article{salton1975vector,
  title={A vector space model for automatic indexing},
  author={Salton, Gerard and Wong, Anita and Yang, Chung-Shu},
  journal={Communications of the ACM},
  volume={18},
  number={11},
  pages={613--620},
  year={1975},
  publisher={ACM}
}


@article{chen2012malware,
  title={Malware characteristics and threats on the internet ecosystem},
  author={Chen, Zhongqiang and Roussopoulos, Mema and Liang, Zhanyan and Zhang, Yuan and Chen, Zhongrong and Delis, Alex},
  journal={Journal of Systems and Software},
  volume={85},
  number={7},
  pages={1650--1672},
  year={2012},
  publisher={Elsevier}
}

@inproceedings{park2010fast,
  title={Fast malware classification by automated behavioral graph matching},
  author={Park, Younghee and Reeves, Douglas and Mulukutla, Vikram and Sundaravel, Balaji},
  booktitle={Proceedings of the Sixth Annual Workshop on Cyber Security and Information Intelligence Research},
  pages={45},
  year={2010},
  organization={ACM}
}

@inproceedings{yuan2014droid,
  title={Droid-sec: deep learning in android malware detection},
  author={Yuan, Zhenlong and Lu, Yongqiang and Wang, Zhaoguo and Xue, Yibo},
  booktitle={ACM SIGCOMM Computer Communication Review},
  volume={44},
  number={4},
  pages={371--372},
  year={2014},
  organization={ACM}
}

@inproceedings{saxe2015deep,
  title={Deep neural network based malware detection using two dimensional binary program features},
  author={Saxe, Joshua and Berlin, Konstantin},
  booktitle={Malicious and Unwanted Software (MALWARE), 2015 10th International Conference on},
  pages={11--20},
  year={2015},
  organization={IEEE}
}



@inproceedings{graziano2015needles,
  title={Needles in a haystack: mining information from public dynamic analysis sandboxes for malware intelligence},
  author={Graziano, Mariano and Canali, Davide and Bilge, Leyla and Lanzi, Andrea and Balzarotti, Davide},
  booktitle={USENIX Security Symposium},
  pages={1057--1072},
  year={2015},
  organization={USENIX Association}
}

@article{bai2014malware,
  title={A malware detection scheme based on mining format information},
  author={Bai, Jinrong and Wang, Junfeng and Zou, Guozhong},
  journal={The Scientific World Journal},
  volume={2014},
  year={2014},
  publisher={Hindawi}
}
@inproceedings{jiang2007stealthy,
  title={Stealthy malware detection through vmm-based out-of-the-box semantic view reconstruction},
  author={Jiang, Xuxian and Wang, Xinyuan and Xu, Dongyan},
  booktitle={Proceedings of the 14th ACM Conference on Computer and Communications Security},
  pages={128--138},
  year={2007},
  organization={ACM}
}

@inproceedings{yan2012droidscope,
  title={DroidScope: Seamlessly Reconstructing the OS and Dalvik Semantic Views for Dynamic Android Malware Analysis.},
  author={Yan, Lok-Kwong and Yin, Heng},
  booktitle={USENIX Security Symposium},
  pages={569--584},
  year={2012}
}

@inproceedings{christodorescu2005semantics,
  title={Semantics-aware malware detection},
  author={Christodorescu, Mihai and Jha, Somesh and Seshia, Sanjit A and Song, Dawn and Bryant, Randal E},
  booktitle={Security and Privacy, 2005 IEEE Symposium on},
  pages={32--46},
  year={2005},
  organization={IEEE}
}

@inproceedings{zhang2014semantics,
  title={Semantics-aware android malware classification using weighted contextual api dependency graphs},
  author={Zhang, Mu and Duan, Yue and Yin, Heng and Zhao, Zhiruo},
  booktitle={Proceedings of the 2014 ACM SIGSAC Conference on Computer and Communications Security},
  pages={1105--1116},
  year={2014},
  organization={ACM}
}

@article{reina2013system,
  title={A system call-centric analysis and stimulation technique to automatically reconstruct android malware behaviors},
  author={Reina, Alessandro and Fattori, Aristide and Cavallaro, Lorenzo},
  journal={EuroSec, April},
  year={2013}
}

@inproceedings{jang2011bitshred,
  title={Bitshred: feature hashing malware for scalable triage and semantic analysis},
  author={Jang, Jiyong and Brumley, David and Venkataraman, Shobha},
  booktitle={Proceedings of the 18th ACM Conference on Computer and Communications Security},
  pages={309--320},
  year={2011},
  organization={ACM}
}

@article{mikolov2013efficient,
  title={Efficient estimation of word representations in vector space},
  author={Mikolov, Tomas and Chen, Kai and Corrado, Greg and Dean, Jeffrey},
  journal={arXiv preprint arXiv:1301.3781},
  year={2013}
}

@inproceedings{pennington2014glove,
  title={Glove: Global vectors for word representation},
  author={Pennington, Jeffrey and Socher, Richard and Manning, Christopher},
  booktitle={Proceedings of the 2014 Conference on Empirical Methods in Natural Language Processing (EMNLP)},
  pages={1532--1543},
  year={2014}
}

@inproceedings{wen2016discriminative,
  title={A discriminative feature learning approach for deep face recognition},
  author={Wen, Yandong and Zhang, Kaipeng and Li, Zhifeng and Qiao, Yu},
  booktitle={European Conference on Computer Vision},
  pages={499--515},
  year={2016},
  organization={Springer}
}

@inproceedings{krizhevsky2012imagenet,
  title={Imagenet classification with deep convolutional neural networks},
  author={Krizhevsky, Alex and Sutskever, Ilya and Hinton, Geoffrey E},
  booktitle={Advances in Neural Information Processing Systems},
  pages={1097--1105},
  year={2012}
}

@inproceedings{guo2016deep,
  title={A deep relevance matching model for ad-hoc retrieval},
  author={Guo, Jiafeng and Fan, Yixing and Ai, Qingyao and Croft, W Bruce},
  booktitle={Proceedings of the 25th ACM International on Conference on Information and Knowledge Management},
  pages={55--64},
  year={2016},
  organization={ACM}
}

@article{liu2009learning,
  title={Learning to rank for information retrieval},
  author={Liu, Tie-Yan and others},
  journal={Foundations and Trends{\textregistered} in Information Retrieval},
  volume={3},
  number={3},
  pages={225--331},
  year={2009},
  publisher={Now Publishers, Inc.}
}

@article{mitra2016dual,
  title={A dual embedding space model for document ranking},
  author={Mitra, Bhaskar and Nalisnick, Eric and Craswell, Nick and Caruana, Rich},
  journal={arXiv preprint arXiv:1602.01137},
  year={2016}
}

@article{roy2016using,
  title={Using word embeddings for automatic query expansion},
  author={Roy, Dwaipayan and Paul, Debjyoti and Mitra, Mandar and Garain, Utpal},
  journal={arXiv preprint arXiv:1606.07608},
  year={2016}
}


@article{diaz2016query,
  title={Query expansion with locally-trained word embeddings},
  author={Diaz, Fernando and Mitra, Bhaskar and Craswell, Nick},
  journal={arXiv preprint arXiv:1605.07891},
  year={2016}
}

@article{hinton2012deep,
  title={Deep neural networks for acoustic modeling in speech recognition: The shared views of four research groups},
  author={Hinton, Geoffrey and Deng, Li and Yu, Dong and Dahl, George E and Mohamed, Abdel-rahman and Jaitly, Navdeep and Senior, Andrew and Vanhoucke, Vincent and Nguyen, Patrick and Sainath, Tara N and others},
  journal={IEEE Signal Processing Magazine},
  volume={29},
  number={6},
  pages={82--97},
  year={2012},
  publisher={IEEE}
}

@inproceedings{severyn2015learning,
  title={Learning to rank short text pairs with convolutional deep neural networks},
  author={Severyn, Aliaksei and Moschitti, Alessandro},
  booktitle={Proceedings of the 38th International ACM SIGIR Conference on Research and Development in Information Retrieval},
  pages={373--382},
  year={2015},
  organization={ACM}
}

@inproceedings{wan2014deep,
  title={Deep learning for content-based image retrieval: A comprehensive study},
  author={Wan, Ji and Wang, Dayong and Hoi, Steven Chu Hong and Wu, Pengcheng and Zhu, Jianke and Zhang, Yongdong and Li, Jintao},
  booktitle={Proceedings of the 22nd ACM International Conference on Multimedia},
  pages={157--166},
  year={2014},
  organization={ACM}
}

@inproceedings{david2015deepsign,
  title={Deepsign: Deep learning for automatic malware signature generation and classification},
  author={David, Omid E and Netanyahu, Nathan S},
  booktitle={Neural Networks (IJCNN), 2015 International Joint Conference on},
  pages={1--8},
  year={2015},
  organization={IEEE}
}

@inproceedings{chopra2005learning,
  title={Learning a similarity metric discriminatively, with application to face verification},
  author={Chopra, Sumit and Hadsell, Raia and LeCun, Yann},
  booktitle={Computer Vision and Pattern Recognition, 2005. CVPR 2005. IEEE Computer Society Conference on},
  volume={1},
  pages={539--546},
  year={2005},
  organization={IEEE}
}

@inproceedings{hoffer2015deep,
  title={Deep metric learning using triplet network},
  author={Hoffer, Elad and Ailon, Nir},
  booktitle={International Workshop on Similarity-Based Pattern Recognition},
  pages={84--92},
  year={2015},
  organization={Springer}
}

@inproceedings{sun2014deep,
  title={Deep learning face representation by joint identification-verification},
  author={Sun, Yi and Chen, Yuheng and Wang, Xiaogang and Tang, Xiaoou},
  booktitle={Advances in Neural Information Processing Systems},
  pages={1988--1996},
  year={2014}
}

@article{joulin2016fasttext,
  title={FastText.zip: Compressing text classification models},
  author={Joulin, Armand and Grave, Edouard and Bojanowski, Piotr and Douze, Matthijs and J{\'e}gou, H{\'e}rve and Mikolov, Tomas},
  journal={arXiv preprint arXiv:1612.03651},
  year={2016}
}

@inproceedings{nataraj2011malware,
  title={Malware images: visualization and automatic classification},
  author={Nataraj, Lakshmanan and Karthikeyan, Sreejith and Jacob, Gregoire and Manjunath, BS},
  booktitle={Proceedings of the 8th International Symposium on Visualization for Cyber Security},
  pages={4},
  year={2011},
  organization={ACM}
}

@article{total2012virustotal,
  title={VirusTotal-Free online virus, malware and URL scanner},
  author={Total, Virus},
  journal={Online: https://www. virustotal. com/en},
  year={2012}
}

@article{kingma2014adam,
  title={Adam: A method for stochastic optimization},
  author={Kingma, Diederik P and Ba, Jimmy},
  journal={arXiv preprint arXiv:1412.6980},
  year={2014}
}

@article{ioffe2015batch,
  title={Batch normalization: Accelerating deep network training by reducing internal covariate shift},
  author={Ioffe, Sergey and Szegedy, Christian},
  journal={arXiv preprint arXiv:1502.03167},
  year={2015}
}

@article{xu2015empirical,
  title={Empirical evaluation of rectified activations in convolutional network},
  author={Xu, Bing and Wang, Naiyan and Chen, Tianqi and Li, Mu},
  journal={arXiv preprint arXiv:1505.00853},
  year={2015}
}

@inproceedings{nair2010rectified,
  title={Rectified linear units improve restricted boltzmann machines},
  author={Nair, Vinod and Hinton, Geoffrey E},
  booktitle={Proceedings of the 27th International Conference on Machine Learning (ICML-10)},
  pages={807--814},
  year={2010}
}

@book{baeza1999modern,
  title={Modern Information Retrieval},
  author={Baeza-Yates, Ricardo and Ribeiro-Neto, Berthier and others},
  volume={463},
  year={1999},
  publisher={ACM press New York}
}

@inproceedings{nataraj2013sarvam,
  title={Sarvam: Search and retrieval of malware},
  author={Nataraj, Lakshmanan and Kirat, Dhilung and Manjunath, BS and Vigna, Giovanni},
  booktitle={Proceedings of the Annual Computer Security Conference (ACSAC) Worshop on Next Generation Malware Attacks and Defense (NGMAD)},
  year={2013}
}


@inproceedings{upchurch2015variant,
  title={Variant: a malware similarity testing framework},
  author={Upchurch, Jason and Zhou, Xiaobo},
  booktitle={Malicious and Unwanted Software (MALWARE), 2015 10th International Conference on},
  pages={31--39},
  year={2015},
  organization={IEEE}
}

@inproceedings{palahan2013extraction,
  title={Extraction of statistically significant malware behaviors},
  author={Palahan, Sirinda and Babi{\'c}, Domagoj and Chaudhuri, Swarat and Kifer, Daniel},
  booktitle={Proceedings of the 29th Annual Computer Security Applications Conference},
  pages={69--78},
  year={2013},
  organization={ACM}
}

@inproceedings{mitra2017learning,
  title={Learning to match using local and distributed representations of text for web search},
  author={Mitra, Bhaskar and Diaz, Fernando and Craswell, Nick},
  booktitle={Proceedings of the 26th International Conference on World Wide Web},
  pages={1291--1299},
  year={2017},
  organization={International World Wide Web Conferences Steering Committee}
}

@inproceedings{cohen2016end,
  title={End to end long short term memory networks for non-factoid question answering},
  author={Cohen, Daniel and Croft, W Bruce},
  booktitle={Proceedings of the 2016 ACM International Conference on the Theory of Information Retrieval},
  pages={143--146},
  year={2016},
  organization={ACM}
}

@inproceedings{huang2013learning,
  title={Learning deep structured semantic models for web search using clickthrough data},
  author={Huang, Po-Sen and He, Xiaodong and Gao, Jianfeng and Deng, Li and Acero, Alex and Heck, Larry},
  booktitle={Proceedings of the 22nd ACM International Conference on Conference on Information \& Knowledge Management},
  pages={2333--2338},
  year={2013},
  organization={ACM}
}

@inproceedings{yeh2017learning,
  title={Learning Deep Latent Space for Multi-Label Classification.},
  author={Yeh, Chih-Kuan and Wu, Wei-Chieh and Ko, Wei-Jen and Wang, Yu-Chiang Frank},
  booktitle={AAAI},
  pages={2838--2844},
  year={2017}
}

